<record xmlns="http://www.loc.gov/MARC21/slim" xmlns:xsi="http://www.w3.org/2001/XMLSchema-instance" xsi:schemaLocation="http://www.loc.gov/MARC21/slim http://www.loc.gov/standards/marcxml/schema/MARC21slim.xsd"><leader>01928nam a2200301   4500</leader><controlfield tag="001">3068055</controlfield><controlfield tag="003">NNC</controlfield><controlfield tag="006">m        d        </controlfield><controlfield tag="007">cr cn |||m|||a</controlfield><controlfield tag="008">150110s1932    sy      o     000 0 ara d</controlfield><datafield ind1=" " ind2=" " tag="040"><subfield code="a">NNU</subfield><subfield code="b">eng</subfield><subfield code="c">NNU</subfield></datafield><datafield ind1="1" ind2=" " tag="100"><subfield code="6">880-01</subfield><subfield code="a">Ibn &#699;Asa&#772;kir, &#699;Ali&#772; ibn al-H&#803;asan,</subfield><subfield code="d">1105-1176.</subfield></datafield><datafield ind1="1" ind2="3" tag="245"><subfield code="6">880-02</subfield><subfield code="a">al-Ah&#803;naf ibn Qays: nasabuhu wa-s&#803;ifatuhu wa-akhba&#772;ruhu</subfield><subfield code="h">[electronic resource] :</subfield><subfield code="b">h&#803;ikamuhu wa-amtha&#772;luhu, ta&#700;bi&#772;nuhu wa-ritha&#772;&#700;uhu</subfield><subfield code="c">mulakhkhas&#803; dha&#772;lika min al-juz&#700; al-sa&#772;bi&#699; min &#697;Tahdhi&#772;b Ta&#772;ri&#772;kh Ibn &#699;Asa&#772;kir&#697; ... Waqafa &#699;ala&#769; t&#803;ab&#699;ihi Ah&#803;mad &#699;Ubayd.</subfield></datafield><datafield ind1=" " ind2=" " tag="260"><subfield code="6">880-03</subfield><subfield code="a">Dimashq :</subfield><subfield code="b">al-Maktabah al-&#699;Arabi&#772;yah (&#699;Ubayd Ikhwa&#772;n),</subfield><subfield code="c">[1351 h., 1932 m.]</subfield></datafield><datafield ind1=" " ind2=" " tag="300"><subfield code="a">online resource (16, 32 p.)</subfield></datafield><datafield ind1="1" ind2=" " tag="490"><subfield code="a">2d. group: advertisements</subfield></datafield><datafield ind1=" " ind2=" " tag="500"><subfield code="a">Part of the Arabic Collections Online (ACO) project, contributed by Columbia University Libraries.</subfield></datafield><datafield ind1=" " ind2=" " tag="533"><subfield code="a">Electronic reproduction.</subfield><subfield code="b">New York, N.Y. :</subfield><subfield code="c">New York University,</subfield><subfield code="d">2015.</subfield><subfield code="5">NNU</subfield></datafield><datafield ind1="2" ind2=" " tag="710"><subfield code="a">Columbia University.</subfield><subfield code="b">Libraries.</subfield></datafield><datafield ind1="0" ind2=" " tag="730"><subfield code="a">Arabic Collections Online.</subfield></datafield><datafield ind1="0" ind2="8" tag="776"><subfield code="i">Print version:</subfield><subfield code="a">Ibn &#699;Asa&#772;kir, &#699;Ali&#772; ibn al-H&#803;asan, 1105-1176.</subfield><subfield code="t">al-Ah&#803;naf ibn Qays: nasabuhu wa-s&#803;ifatuhu wa-akhba&#772;ruhu</subfield><subfield code="w">(NNC)3068055</subfield><subfield code="w">(OCoLC)47800376</subfield></datafield><datafield ind1=" " ind2="0" tag="830"><subfield code="a">2nd. group: advertisements.</subfield></datafield><datafield ind1="4" ind2="0" tag="856"><subfield code="u">http://hdl.handle.net/2333.1/mw6m921q</subfield></datafield><datafield ind1="1" ind2=" " tag="880"><subfield code="6">100-01/r</subfield><subfield code="a">&#1575;&#1576;&#1606; &#1593;&#1587;&#1575;&#1603;&#1585;&#1548; &#1593;&#1604;&#1610; &#1576;&#1606; &#1575;&#1604;&#1581;&#1587;&#1606;&#1548;</subfield><subfield code="d">1105-1176.</subfield></datafield><datafield ind1="1" ind2="2" tag="880"><subfield code="6">245-02/r</subfield><subfield code="a">&#1575;&#1604;&#1575;&#1581;&#1606;&#1601; &#1576;&#1606; &#1602;&#1610;&#1587;: &#1606;&#1587;&#1576;&#1607; &#1608;&#1589;&#1601;&#1578;&#1607; &#1608;&#1575;&#1582;&#1576;&#1575;&#1585;&#1607;&#1548;</subfield><subfield code="b">&#1581;&#1603;&#1605;&#1607; &#1608;&#1575;&#1605;&#1579;&#1575;&#1604;&#1607;&#1548; &#1578;&#1571;&#1576;&#1610;&#1606;&#1607; &#1608;&#1585;&#1579;&#1575;&#1572;&#1607;&#1563;</subfield><subfield code="c">&#1605;&#1604;&#1582;&#1589; &#1584;&#1604;&#1603; &#1605;&#1606; &#1575;&#1604;&#1580;&#1586;&#1569; &#1575;&#1604;&#1587;&#1575;&#1576;&#1593; &#1605;&#1606; &#1578;&#1607;&#1584;&#1610;&#1576; &#1578;&#1575;&#1585;&#1610;&#1582; &#1575;&#1576;&#1606; &#1593;&#1587;&#1575;&#1603;&#1585; ... &#1608;&#1602;&#1601; &#1593;&#1604;&#1609; &#1591;&#1576;&#1593;&#1607; &#1575;&#1581;&#1605;&#1583; &#1593;&#1576;&#1610;&#1583;.</subfield></datafield><datafield ind1=" " ind2=" " tag="880"><subfield code="6">260-03/r</subfield><subfield code="a">&#1583;&#1605;&#1588;&#1602; :</subfield><subfield code="b">&#1575;&#1604;&#1605;&#1603;&#1578;&#1576;&#1577; &#1575;&#1604;&#1593;&#1585;&#1576;&#1610;&#1577; (&#1593;&#1576;&#1610;&#1583; &#1575;&#1582;&#1608;&#1575;&#1606;)&#1548;</subfield><subfield code="c">[1351 h., 1932 m.]</subfield></datafield><datafield ind1=" " ind2=" " tag="959"><subfield code="a">NNU</subfield><subfield code="b">WEB</subfield><subfield code="c">GENI</subfield><subfield code="t">0</subfield><subfield code="m">Electronic access</subfield><subfield code="s">01</subfield></datafield><datafield ind1=" " ind2=" " tag="999"><subfield code="i">NNC_3068055</subfield><subfield code="o">(OCoLC)47800376</subfield><subfield code="e">OK</subfield></datafield></record>